@misc{rupStudy,
  author       = {Study.com},
  howpublished = "\url{https://study.com/academy/lesson/what-is-the-rational-unified-process-methodology-tools-examples.html#:~:text=Rational%20Unified%20Process%20(RUP)%20is,requirements%20and%20objectives%20are%20met.}",
  title        = {Rational Unified Process | RUP Definition, Methodology \& Examples},
  year         = {11/21/2023}
}
