@misc{medium,
  author = {Билигүн.Б (Програмч аав)},
  howpublished = "\url{https://medium.com/2b-1-better-2day/4-1-view-model-of-architecture-1a1794ff8110}",
  title = {4+1 View model of architecture},
  year = {2024}
}

@misc{linkedin,
  author = {Community},
  howpublished = "\url{https://www.linkedin.com/advice/3/what-benefits-drawbacks-using-41-view-model}",
  title = {What are the benefits and drawbacks of using the 4+1 view model for software architecture documentation?},
  year = {2024}
}

@article{kruntchen1995architectural,
  title={Architectural blueprints--the” 4+ 1” view model of software architecture},
  author={Kruntchen, P},
  journal={IEEE software},
  volume={12},
  number={6},
  pages={42--50},
  year={1995}
}