  @misc{ enwiki:1203519063,
    author = "{Wikipedia contributors}",
    title = "Normalization (statistics) --- {Wikipedia}{,} The Free Encyclopedia",
    year = "2024",
    howpublished = "\url{https://en.wikipedia.org/w/index.php?title=Normalization_(statistics)&oldid=1203519063}",
    note = "[Online; accessed 1-November-2024]"
  }