@misc{cvom,
  author = {Siladitya Ghosh},
  howpublished = "\url{https://medium.com/@siladityaghosh/choreography-vs-orchestration-in-microservices-6ff4b857cf9a}",
  title = {Choreography vs Orchestration in Microservices},
  year = {Jul 28, 2024}
}

@misc{stackoverflow,
  author = {Benny Bottema \& Anderi},
  howpublished = "\url{https://stackoverflow.com/questions/4127241/orchestration-vs-choreography}",
  title = {Choreography vs Orchestration},
  year = {Apr 22, 2015}
}

@misc{karelhusaOpinion,
  author = {Karel Husa},
  howpublished = "\url{https://stackoverflow.com/a/39364553/12158825}",
  title = {Why we do not need to distinguish between Orchestration and Choreography?},
  year = {Sep 7, 2016}
}