@misc{npc,
  author       = {GeeksforGeeks},
  howpublished = "\url{https://www.geeksforgeeks.org/two-phase-commit-protocol-distributed-transaction-management/}",
  year         = {29 Dec, 2020},
  title        = {Two Phase Commit Protocol (Distributed Transaction Management)}
}

@misc{consensus,
  author       = {GeeksforGeeks},
  howpublished = "\url{https://www.geeksforgeeks.org/distributed-consensus-in-distributed-systems/}",
  title        = {Distributed Consensus in Distributed Systems},
  year         = {24 Jul, 2024}
}