@misc{jpoint,
  author = {Javapoint.com},
  howpublished = "\url{https://www.javatpoint.com/bug-vs-defect-vs-error-vs-fault-vs-failure}",
  title = {Difference between Bug, Defect, Error, Fault \& Failure},
}

@misc{geekflare,
  author = {GeekFlare},
  howpublished = "\url{https://geekflare.com/difference-bug-defect-error-failure-fault-testing/}",
  title = {Difference Between Bug, Defect, Error, Failure, and Fault in Software Testing},
  year = {29 Nov 2022}
}